<record><leader>00000cas a22000007a 4500</leader><controlfield tag="001">16068937</controlfield><controlfield tag="008">870624d19761980msudr n  e    0    0eng d</controlfield><datafield ind1=" " ind2=" " tag="010"><subfield code="a">sn 87065710 </subfield></datafield><datafield ind1=" " ind2=" " tag="040"><subfield code="a">MPC</subfield><subfield code="b">eng</subfield><subfield code="c">MPC</subfield><subfield code="d">MSJ</subfield><subfield code="d">OCLCQ</subfield></datafield><datafield ind1=" " ind2=" " tag="042"><subfield code="a">msc</subfield></datafield><datafield ind1="0" ind2="4" tag="245"><subfield code="a">The Yazoo daily herald.</subfield></datafield><datafield ind1=" " ind2=" " tag="260"><subfield code="a">Yazoo City, MS :</subfield><subfield code="b">Yazoo City Herald,</subfield><subfield code="c">1976-1980.</subfield></datafield><datafield ind1=" " ind2=" " tag="310"><subfield code="a">Daily</subfield></datafield><datafield ind1="0" ind2=" " tag="362"><subfield code="a">Vol. 103, no. 85 (Mar. 15, 1976)-v. 109, no. 32 (June 29, 1980).</subfield></datafield><datafield ind1=" " ind2=" " tag="515"><subfield code="a">Numbering begins again with v. 103, no. 85, although previous title ends with v. 103, no. 86.</subfield></datafield><datafield ind1=" " ind2=" " tag="752"><subfield code="a">United States</subfield><subfield code="b">Mississippi</subfield><subfield code="c">Yazoo</subfield><subfield code="d">Yazoo City.</subfield></datafield><datafield ind1="0" ind2="0" tag="780"><subfield code="t">Yazoo City herald (Yazoo City, Miss. : 1878)</subfield><subfield code="w">(OCoLC)16836575</subfield></datafield><datafield ind1="0" ind2="0" tag="785"><subfield code="t">Yazoo herald</subfield><subfield code="w">(OCoLC)16068959</subfield></datafield></record>